
@ARTICLE{ref:csp,
author = "C. Anthony R. Hoare",
title = "Communicating Sequential Processes",
journal = cacm,
volume = 21,
number = 8,
pages = "666--677",
year = 1978
}

