% "hac.bib"
%	$Id: hac.bib,v 1.3 2006/10/06 03:30:09 fang Exp $

@STRING{ cacm = "Communications of the ACM" }

@ARTICLE{ ref:csp,
author = "C. Anthony R. Hoare",
title = "Communicating Sequential Processes",
journal = cacm,
volume = 21,
number = 8,
pages = "666--677",
year = 1978
}

