% "hac.bib"
%	$Id: hac.bib,v 1.1 2007/01/24 04:14:47 fang Exp $

@STRING{ cacm = "Communications of the ACM" }

@ARTICLE{ ref:csp,
author = "C. Anthony R. Hoare",
title = "Communicating Sequential Processes",
journal = cacm,
volume = 21,
number = 8,
pages = "666--677",
year = 1978
}

